

/* -------------------------------------------------------------------------- */
/*                                TRANSFORMERS                                */
/* -------------------------------------------------------------------------- */

@article{transformers,
  author    = {Ashish Vaswani
                and others},
  title     = {Attention Is All You Need},
  journal   = {CoRR},
  volume    = {abs/1706.03762},
  year      = {2017},
  url       = {http://arxiv.org/abs/1706.03762}
}

/* -------------------------------------------------------------------------- */
/*                          Reccurent neural networks                         */
/* -------------------------------------------------------------------------- */

@article{lstms,
  author    = {Sepp Hochreiter
                and
                JÃ¼rgen Schmidhuber
                },
  title     = {Long Short-term Memory},
  journal   = {Neural Computation},
  volume    = {9},
  year      = {1997},
  url       = {https://www.researchgate.net/publication
  /13853244_Long_Short-term_Memory}
}

@article{hochreiter1997long,
  title={Long short-term memory},
  author={Hochreiter, Sepp and Schmidhuber, Jurgen},
  journal={Neural computation},
  volume={9},
  number={8},
  pages={1735--1780},
  year={1997},
  publisher={MIT Press},
  doi={10.1162/neco.1997.9.8.1735},
}

@book{arif2020introduction,
  title={Introduction to Deep Learning for Engineers: Using Python and Google Cloud Platform},
  author={Arif, Tariq M},
  year={2020},
  publisher={Morgan \& Claypool Publishers},
  series={Synthesis Lectures on Mechanical Engineering},
  volume={5},
  number={3},
  pages={1--109},
  doi={10.2200/S01076ED1V01Y202009MEC045},
}


/* -------------------------------------------------------------------------- */
/*                                  Aptamers                                  */
/* -------------------------------------------------------------------------- */

@article{dunn2017analysis,
  title={Analysis of aptamer discovery and technology},
  author={Dunn, Megan and Jimenez, Ralph and Chaput, John},
  journal={Nature Reviews Chemistry},
  volume={1},
  number={10},
  pages={0076},
  year={2017},
  publisher={Nature Publishing Group},
  doi={10.1038/s41570-017-0076},
}
@article{jeddi2017three,
  title={Three-dimensional modeling of single stranded DNA hairpins for aptamer-based biosensors},
  author={Jeddi, Iman and Saiz, Lucia},
  journal={Scientific Reports},
  volume={7},
  number={1},
  pages={1178},
  year={2017},
  publisher={Nature Publishing Group},
  doi={10.1038/s41598-017-01348-5},
}
@article{kilgour2021e2edna,
  title={E2EDNA: Simulation Protocol for DNA Aptamers with Ligands},
  author={Kilgour, Michael and Liu, Tao and Walker, Benjamin D and Ren, Pengyu and Simine, Lena},
  journal={Journal of Chemical Information and Modeling},
  volume={61},
  number={9},
  pages={4139--4144},
  year={2021},
  publisher={ACS Publications},
  doi={10.1021/acs.jcim.1c00696},
}
@article{zhang2019recent,
  title={Recent Advances in Aptamer Discovery and Applications},
  author={Zhang, Yan and Lai, Beverly S and Juhas, Mario},
  journal={Molecules (Basel, Switzerland)},
  volume={24},
  number={5},
  pages={941},
  year={2019},
  publisher={Multidisciplinary Digital Publishing Institute},
  doi={10.3390/molecules24050941},
}
@article{zadeh2011nupack,
  title={NUPACK: Analysis and design of nucleic acid systems},
  author={Zadeh, Joseph N and Steenberg, Conrad D and Bois, Justin S and Wolfe, Brian R and Pierce, Michael B and Khan, Aalim R and Dirks, Robert M and Pierce, Niles A},
  journal={Journal of Computational Chemistry},
  volume={32},
  number={1},
  pages={170--173},
  year={2011},
  publisher={Wiley Online Library},
  doi={10.1002/jcc.21596},
}
