@article{transformers,
  author    = {Ashish Vaswani
                and others},
  title     = {Attention Is All You Need},
  journal   = {CoRR},
  volume    = {abs/1706.03762},
  year      = {2017},
  url       = {http://arxiv.org/abs/1706.03762}
}

@article{lstms,
  author    = {Sepp Hochreiter
                and
                JÃ¼rgen Schmidhuber
                },
  title     = {Long Short-term Memory},
  journal   = {Neural Computation},
  volume    = {9}},
  year      = {1997},
  url       = {https://www.researchgate.net/publication
  /13853244_Long_Short-term_Memory}
}


